% !Mode:: "TeX:UTF-8"

@article{estivill2002so,
  title={Why so many clustering algorithms: a position paper},
  author={Estivill-Castro, Vladimir},
  journal={ACM SIGKDD explorations newsletter},
  volume={4},
  number={1},
  pages={65--75},
  year={2002},
  publisher={ACM}
}

@article{cortes1995support,
  title={Support-vector networks},
  author={Cortes, Corinna and Vapnik, Vladimir},
  journal={Machine learning},
  volume={20},
  number={3},
  pages={273--297},
  year={1995},
  publisher={Springer}
}

@article{quinlan1986induction,
  title={Induction of decision trees},
  author={Quinlan, J. Ross},
  journal={Machine learning},
  volume={1},
  number={1},
  pages={81--106},
  year={1986},
  publisher={Springer}
}

@article{peterson2009k,
  title={K-nearest neighbor},
  author={Peterson, Leif E},
  journal={Scholarpedia},
  volume={4},
  number={2},
  pages={1883},
  year={2009}
}

@inproceedings{ester1996density,
  title={A density-based algorithm for discovering clusters in large spatial databases with noise.},
  author={Ester, Martin and Kriegel, Hans-Peter and Sander, J{\"o}rg and Xu, Xiaowei},
  publisher={Proceedings of the Second International Conference on Knowledge Discovery and Data Mining (KDD-96)},
  volume={96},
  number={34},
  pages={226--231},
  year={1996}
}

@inproceedings{han2000mining,
  title={Mining frequent patterns without candidate generation},
  author={Han, Jiawei and Pei, Jian and Yin, Yiwen},
  publisher={ACM Sigmod Record},
  volume={29},
  number={2},
  pages={1--12},
  year={2000},
  organization={ACM}
}

@article{ng2002spectral,
  title={On spectral clustering: Analysis and an algorithm},
  author={Ng, Andrew Y and Jordan, Michael I and Weiss, Yair and others},
  journal={Advances in neural information processing systems},
  volume={2},
  pages={849--856},
  year={2002},
  publisher={MIT; 1998}
}

@article{hartigan1979algorithm,
  title={Algorithm AS 136: A k-means clustering algorithm},
  author={Hartigan, John A and Wong, Manchek A},
  journal={Journal of the Royal Statistical Society. Series C (Applied Statistics)},
  volume={28},
  number={1},
  pages={100--108},
  year={1979},
  publisher={JSTOR}
}

%[1] 王浩刚，聂在平.三维矢量散射积分方程中奇异性分析[J].电子学报，1999, 27(12): 68-71
@article{wang1999sanwei,
  title={三维矢量散射积分方程中奇异性分析},
  author={王浩刚 and 聂在平},
  journal={电子学报},
  volume={27},
  number={12},
  pages={68--71},
  year={1999},
  language =     {Chinese}
}
%[2] X. F. Liu, B. Z. Wang, W. Shao. A marching-on-in-order scheme for exact attenuation constant extraction of lossy transmission lines[C]. China-Japan Joint Microwave Conference Proceedings, Chengdu, 2006, 527-529
@conference{liuxf2006,
  author =       {Liu,X F and Wang,B Z and Shao,W},
  title =        {A marching-on-in-order scheme for exact attenuation constant extraction of lossy transmission lines},
  year =         {2006},
  pages  =       {527-529},
  address =      {Chengdu},
  publisher =    {China-Japan Joint Microwave Conference Proceedings}
}

%Agrawal, Rakesh, and Ramakrishnan Srikant. "Fast algorithms for mining association rules." Proc. 20th int. conf. very large data bases, VLDB. Vol. 1215. 1994.
@inproceedings{agrawal1994fast,
  title={Fast algorithms for mining association rules},
  author={Agrawal, Rakesh and Srikant, Ramakrishnan and others},
  publisher={Proc. 20th int. conf. very large data bases, VLDB},
  volume={1215},
  pages={487--499},
  year={1994}
}

%[3] 竺可桢.物理学[M].北京：科学出版社，1973, 56-60
@book{zhu1973wulixue,
  title={物理学},
  author={竺可桢},
  year={1973},
  address={北京},
  pages={56-60},
  publisher={科学出版社},
  language =     {Chinese}
}

%[4] 陈念永.毫米波细胞生物效应及抗肿瘤研究[D].成都：电子科技大学，2001, 50-60
@thesis{chen2001hao,
  AUTHOR =       {陈念永},
  TITLE =        {毫米波细胞生物效应及抗肿瘤研究},
  school =       {电子科技大学},
  YEAR =         {2001},
  pages  =       {50-60},
  address =      {成都},
  language =     {Chinese}
}

%[5] 顾春.牢牢把握稳中求进的总基调[N].人民日报，2012年3月31日
@newspaper{gu2012lao,
  AUTHOR =       {顾春},
  TITLE =        {牢牢把握稳中求进的总基调},
  JOURNAL =      {人民日报},
  date =         {2012年3月31日},
  language =     {Chinese}
}

%[6] 冯西桥.核反应堆压力容器的LBB分析[R].北京：清华大学核能技术设计研究院，1997年6月25日
@techreport{feng997he,
  AUTHOR =       {冯西桥},
  TITLE =        {核反应堆压力容器的LBB分析},
  institution =  {清华大学核能技术设计研究院},
  date =         {1997年6月25日},
  address =      {北京},
  language =     {Chinese}
}

%[7] 肖珍新.一种新型排渣阀调节降温装置[P].中国，实用新型专利，ZL201120085830.0, 2012年4月25日
@patent{xiao2012yi,
  AUTHOR =       {肖珍新},
  TITLE =        {一种新型排渣阀调节降温装置},
  date =         {2012年4月25日},
  type =         {实用新型专利},
  country =      {中国},
  patentid =     {ZL201120085830.0},
  language =     {Chinese}
}

%[8] 中华人民共和国国家技术监督局.GB3100-3102.中华人民共和国国家标准--量与单位[S]. 北京：中国标准出版社，1994年11月1日
@standard{zhong1994zhong,
  AUTHOR =       {中华人民共和国国家技术监督局},
  number =       {GB3100-3102},
  TITLE =        {中华人民共和国国家标准--量与单位},
  PUBLISHER =    {中国标准出版社},
  date =         {1994年11月1日},
  address =      {北京},
  language =     {Chinese}
}

%[9] M. Clerc. Discrete particle swarm optimization: a fuzzy combinatorial box[EB/OL]. http://clere.maurice.free.fr/pso/Fuzzy_Discrere_PSO/Fuzzy_DPSO.htm, July 16, 2010
@digital{clerc2010discrete,
  author =       {M. Clerc},
  title =        {Discrete particle swarm optimization: a fuzzy combinatorial box},
  TypeofLit =    {EB/OL},
  date=          {July 16, 2010},
  url =          {http://clere.maurice.free.fr/pso/Fuzzy_Discrere_PSO/Fuzzy_DPSO.htm},
  language =     {}
}

@

